<?xml version="1.0" encoding="UTF-8"?>
<record xmlns="http://www.loc.gov/MARC21/slim" xmlns:xsi="http://www.w3.org/2001/XMLSchema-instance" xsi:schemaLocation="http://www.loc.gov/MARC21/slim http://www.loc.gov/standards/marcxml/schema/MARC21slim.xsd">
<leader>00000cam a22      a 4500</leader>
<controlfield tag="001">001678512</controlfield>
<controlfield tag="003">NNU</controlfield>
<controlfield tag="005">20160229150205.0</controlfield>
<controlfield tag="008">860131r19681866iq       b    000 0 ara</controlfield>
<datafield tag="010" ind1=" " ind2=" ">
<subfield code="a">   73961554</subfield>
</datafield>
<datafield tag="035" ind1=" " ind2=" ">
<subfield code="a">(OCoLC)13090940</subfield>
</datafield>
<datafield tag="040" ind1=" " ind2=" ">
<subfield code="a">DLC</subfield>
<subfield code="b">eng</subfield>
<subfield code="c">OSU</subfield>
<subfield code="d">OSU</subfield>
<subfield code="d">OCLCQ</subfield>
<subfield code="d">OSU</subfield>
<subfield code="d">OCLCG</subfield>
<subfield code="d">CUY</subfield>
<subfield code="d">ORZ</subfield>
<subfield code="d">OCLCA</subfield>
<subfield code="d">OCLCQ</subfield>
<subfield code="d">OCLCF</subfield>
<subfield code="d">NNU</subfield>
</datafield>
<datafield tag="043" ind1=" " ind2=" ">
<subfield code="a">a-is---</subfield>
<subfield code="a">awba---</subfield>
<subfield code="a">awgz---</subfield>
</datafield>
<datafield tag="050" ind1=" " ind2="4">
<subfield code="a">DS124</subfield>
<subfield code="b">.U41 1968</subfield>
</datafield>
<datafield tag="050" ind1=" " ind2="4">
<subfield code="a">DS124</subfield>
<subfield code="b">.U4 1968</subfield>
</datafield>
<datafield tag="100" ind1="1" ind2=" ">
<subfield code="6">880-01</subfield>
<subfield code="a">ʻUlaymī, ʻAbd al-Raḥmān ibn Muḥammad,</subfield>
<subfield code="d">1456-approximately 1521.</subfield>
</datafield>
<datafield tag="245" ind1="1" ind2="3">
<subfield code="6">880-02</subfield>
<subfield code="a">Al-Uns al-jalīl bi-tārīkh al-Quds wa-al-Khalīl /</subfield>
<subfield code="c">taʼlīf Abū al-Yaman Mujīr al-Dīn al-Ḥanbalī ; qaddamahu Muḥammad Baḥr al-ʻUlūm.</subfield>
</datafield>
<datafield tag="246" ind1="3" ind2=" ">
<subfield code="a">Auns al-Jalil for Jeruslem &amp; Khlil's history</subfield>
</datafield>
<datafield tag="246" ind1="3" ind2=" ">
<subfield code="a">Auns al-Jalil for Jeruslem and Khlil's history</subfield>
</datafield>
<datafield tag="260" ind1=" " ind2=" ">
<subfield code="6">880-03</subfield>
<subfield code="a">Al-Najaf al-Ashraf :</subfield>
<subfield code="b">Al-Maṭbaʻat al-Ḥaydarīyah,</subfield>
<subfield code="c">1968.</subfield>
</datafield>
<datafield tag="300" ind1=" " ind2=" ">
<subfield code="a">2 volumes ;</subfield>
<subfield code="c">25 cm</subfield>
</datafield>
<datafield tag="336" ind1=" " ind2=" ">
<subfield code="a">text</subfield>
<subfield code="b">txt</subfield>
<subfield code="2">rdacontent</subfield>
</datafield>
<datafield tag="337" ind1=" " ind2=" ">
<subfield code="a">unmediated</subfield>
<subfield code="b">n</subfield>
<subfield code="2">rdamedia</subfield>
</datafield>
<datafield tag="338" ind1=" " ind2=" ">
<subfield code="a">volume</subfield>
<subfield code="b">nc</subfield>
<subfield code="2">rdacarrier</subfield>
</datafield>
<datafield tag="500" ind1=" " ind2=" ">
<subfield code="a">Title on back cover: al-Auns al-Jalil for Jeruslem &amp; Khlil's history.</subfield>
</datafield>
<datafield tag="500" ind1=" " ind2=" ">
<subfield code="6">880-04</subfield>
<subfield code="a">Reprint. Originally published: Miṣr: al-Maṭbaʻah al-Wahbīyah, 1283 [1866].</subfield>
</datafield>
<datafield tag="504" ind1=" " ind2=" ">
<subfield code="a">Includes bibliographical references.</subfield>
</datafield>
<datafield tag="651" ind1=" " ind2="0">
<subfield code="a">Palestine</subfield>
<subfield code="x">History.</subfield>
</datafield>
<datafield tag="651" ind1=" " ind2="7">
<subfield code="a">Middle East</subfield>
<subfield code="z">Palestine.</subfield>
<subfield code="2">fast</subfield>
<subfield code="0">(OCoLC)fst01207534</subfield>
</datafield>
<datafield tag="655" ind1=" " ind2="7">
<subfield code="a">History.</subfield>
<subfield code="2">fast</subfield>
<subfield code="0">(OCoLC)fst01411628</subfield>
</datafield>
<datafield tag="700" ind1="1" ind2=" ">
<subfield code="6">880-05</subfield>
<subfield code="a">Baḥr al-ʻUlūm, Muḥammad ibn ʻAlī.</subfield>
</datafield>
<datafield tag="776" ind1="0" ind2="8">
<subfield code="i">Online version:</subfield>
<subfield code="a">ʻUlaymī, ʻAbd al-Raḥmān ibn Muḥammad, 1456-approximately 1521.</subfield>
<subfield code="t">Uns al-jalīl bi-tārīkh al-Quds wa-al-Khalīl.</subfield>
<subfield code="d">Al-Najaf al-Ashraf : Al-Maṭbaʻat al-Ḥaydarīyah, 1968</subfield>
<subfield code="w">(OCoLC)555734482</subfield>
</datafield>
<datafield tag="880" ind1="1" ind2=" ">
<subfield code="6">100-01/</subfield>
<subfield code="a">عليمي، عبد الرحمن بن محمد،,</subfield>
<subfield code="d">1456-approximately 1521.</subfield>
</datafield>
<datafield tag="880" ind1="1" ind2="2">
<subfield code="6">245-02/</subfield>
<subfield code="a">الأنس الجليل بتاريخ القدس والخليل /</subfield>
<subfield code="c">تأليف أبو اليمن مجير الدين الحنبلي ؛ قدمه محمد بحر العلوم.</subfield>
</datafield>
<datafield tag="880" ind1=" " ind2=" ">
<subfield code="6">260-03/</subfield>
<subfield code="a">النجف الأشرف :</subfield>
<subfield code="b">المطبعة الحيدرية،</subfield>
<subfield code="c">1968.</subfield>
</datafield>
<datafield tag="880" ind1=" " ind2=" ">
<subfield code="6">500-04/</subfield>
<subfield code="a">Reprint. Originally published: مصر: المطبعة الوهبية، 1283 [1866].</subfield>
</datafield>
<datafield tag="880" ind1="1" ind2=" ">
<subfield code="6">700-05/</subfield>
<subfield code="a">بحر العلوم، محمد بن علي.</subfield>
</datafield>
<datafield tag="OWN" ind1=" " ind2=" ">
<subfield code="a">GENERAL</subfield>
</datafield>
<datafield tag="AVA" ind1=" " ind2=" ">
<subfield code="a">NYU50</subfield>
<subfield code="b">BOBST</subfield>
<subfield code="c">Main Collection</subfield>
<subfield code="d">DS124 .U4</subfield>
<subfield code="e">unavailable</subfield>
<subfield code="t">Unavailable</subfield>
<subfield code="f">2</subfield>
<subfield code="g">2</subfield>
<subfield code="h">Y</subfield>
<subfield code="i">5</subfield>
<subfield code="j">MAIN</subfield>
<subfield code="k">0</subfield>
</datafield>
</record>
